<record><leader>00000cas a2200000   4500</leader><controlfield tag="001">5132531</controlfield><controlfield tag="008">790703c19669999pauwr ne      0   a0eng d</controlfield><controlfield tag="009">467</controlfield><datafield ind1=" " ind2=" " tag="010"><subfield code="a">sn 79003245 </subfield></datafield><datafield ind1=" " ind2=" " tag="040"><subfield code="a">NSD</subfield><subfield code="b">eng</subfield><subfield code="c">NSD</subfield><subfield code="d">NPH</subfield><subfield code="d">OCL</subfield><subfield code="d">OCLCQ</subfield></datafield><datafield ind1=" " ind2=" " tag="012"><subfield code="k">1</subfield><subfield code="m">c</subfield></datafield><datafield ind1="1" ind2=" " tag="022"><subfield code="a">0192-1916</subfield><subfield code="l">0192-1916</subfield><subfield code="2">1</subfield></datafield><datafield ind1=" " ind2=" " tag="032"><subfield code="a">611020</subfield><subfield code="b">USPS</subfield></datafield><datafield ind1=" " ind2=" " tag="042"><subfield code="a">nsdp</subfield></datafield><datafield ind1=" " ind2="4" tag="222"><subfield code="a">The Shopping news of Lancaster County</subfield></datafield><datafield ind1="0" ind2="4" tag="245"><subfield code="a">The Shopping news of Lancaster County.</subfield></datafield><datafield ind1="0" ind2="7" tag="246"><subfield code="a">Shopping news</subfield></datafield><datafield ind1=" " ind2=" " tag="260"><subfield code="a">Ephrata, Pa.,</subfield><subfield code="b">John W. Hocking,</subfield><subfield code="c">1966-</subfield></datafield><datafield ind1=" " ind2=" " tag="300"><subfield code="a">v. :</subfield><subfield code="b">ill.</subfield></datafield><datafield ind1=" " ind2=" " tag="310"><subfield code="a">Weekly</subfield></datafield><datafield ind1="0" ind2=" " tag="362"><subfield code="a">Vol. 2, no. 29 (Oct. 26, 1966)-</subfield></datafield><datafield ind1=" " ind2=" " tag="752"><subfield code="a">United States</subfield><subfield code="b">Pennsylvania</subfield><subfield code="c">Lancaster</subfield><subfield code="d">Ephrata.</subfield></datafield><datafield ind1="0" ind2="0" tag="780"><subfield code="t">Shopping news (Ephrata, Pa.)</subfield><subfield code="w">(OCoLC)19536943</subfield></datafield><datafield ind1=" " ind2=" " tag="936"><subfield code="a">Apr. 18, 1979</subfield></datafield></record>